@book{lautrup2005physics,
  title={Physics of continuous matter: exotic and everyday phenomena in the macroscopic world},
  author={Lautrup, Benny},
  year={2005},
  publisher={IOP publishing}
}